
@article{rodzen_teologia_2021,
	title = {Teologia nauki -- skazana na sukces?},
	issn = {2451-0602},
	number = {70},
	journal = {Philosophical Problems in Science (Zagadnienia Filozoficzne w Nauce)},
	author = {Rodzeń, Jacek},
	year = {2021},
	keywords = {entropy, information, Lindauer’s principle, memory, the second law of thermodynamics},
	pages = {\pageref{rodzen_anfang}--\pageref{rodzen_ende}},
	url = {https://zfn.edu.pl/index.php/zfn/article/view/550},
	urldate = {2021-10-10}
}

@book{heller_nauka_2019,
	address = {Kraków},
	edition = {Wydanie I},
	title = {Nauka i teologia -- niekoniecznie tylko na jednej planecie},
	isbn = {978-83-7886-467-7},
	language = {pl},
	publisher = {Copernicus Center Press},
	author = {Heller, Michał},
	year = {2019},
	keywords = {aspekt religijny chrześcijaństwo, Chrześcijaństwo i nauka, Fizyka, Teologia},
}

@book{feynman_pan_1996,
	address = {Kraków},
	series = {Autobiografie},
	title = {,,{Pan} raczy żartować panie {Feynman}!'': przypadki ciekawego człowieka},
	isbn = {978-83-7006-459-4},
	shorttitle = {,,{Pan} raczy żartować panie {Feynman}!''},
	language = {pl},
	publisher = {Znak},
	author = {Feynman, Richard Phillips},
	editor = {Hutchings, Edward},
	translator = {Bieroń, Tomasz},
	collaborator = {Leighton, Ralph},
	year = {1996},
	keywords = {biografie, Feynman, Richard Phillips},
}

@book{dragan_kwantechizm_2019,
	address = {Warszawa},
	title = {Kwantechizm czyli {klatka} na ludzi},
	isbn = {978-83-65411-31-0},
	publisher = {Wydawnictwo Fabuła Fraza},
	author = {Dragan, Andrzej},
	year = {2019},
	keywords = {Teoria kwantowa, wydawnictwa popularne, Względność (fizyka)},
}

@misc{heller_czlowiek_2016,
	title = {Człowiek stworzenie wyróżnione? {Rozmowa} z x. prof. {Hellerem}},
	shorttitle = {Człowiek stworzenie wyróżnione?},
	url = {https://www.youtube.com/watch?v=XVz1jEyBXiE},
	language = {pl},
	urldate = {2021-09-14},
	journal = {Nauka. To lubię},
	author = {Heller, Michał},
	year = {2016},
}
