
@book{polak_wprowadzenie_2012,
	address = {Kraków},
	series = {Podręczniki {OBI}},
	title = {Wprowadzenie do pracy naukowej w filozofii: podręcznik do zajęć "{Metodyka} pracy naukowej i obsługi komputera" na kierunku filozofia},
	isbn = {978-83-7438-300-4 83-7438-300-3},
	shorttitle = {Wprowadzenie do pracy naukowej w filozofii},
	language = {pl},
	publisher = {Ośrodek Badań Interdyscyplinarnych-Wydawnictwo Naukowe Uniwersytetu Papieskiego Jana Pawła II},
	author = {Polak, Paweł and Michalczyk, Hanna and Stawarz, Małgorzata},
	year = {2012},
}

@book{heller_jak_2009,
	address = {Kraków},
	title = {Jak być uczonym},
	isbn = {978-83-240-1187-2},
	language = {pl},
	publisher = {Znak},
	author = {Heller, Michał},
	editor = {Szczerbińska-Polak, Małgorzata},
	year = {2009},
	keywords = {Learning and scholarship, Philosophy and science},
}

@book{becker_writing_2007,
	address = {Chicago},
	edition = {2nd ed},
	series = {Chicago guides to writing, editing, and publishing},
	title = {Writing for social scientists: how to start and finish your thesis, book, or article},
	isbn = {978-0-226-04130-8 978-0-226-04132-2},
	shorttitle = {Writing for social scientists},
	language = {en},
	publisher = {University of Chicago Press},
	author = {Becker, Howard Saul and Richards, Pamela},
	year = {2007},
	keywords = {Academic writing, Authorship, Communication in the social sciences, Social sciences, Sociology},
	file = {Becker i Richards - 2007 - Writing for social scientists how to start and fi.pdf:/home/pawel/.zotero/zotero/2felkxqq.default/zotero/storage/TRUEQ5DH/Becker i Richards - 2007 - Writing for social scientists how to start and fi.pdf:application/pdf},
}

@misc{borja_11_2019,
	title = {11 steps to structuring a science paper editors will take seriously},
	url = {https://www.elsevier.com/connect/11-steps-to-structuring-a-science-paper-editors-will-take-seriously},
	abstract = {11 steps to structuring a science paper editors will take seriously - Elsevier Connect},
	language = {en},
	urldate = {2020-06-09},
	journal = {Elsevier Connect},
	author = {Borja, Angel},
	month = jul,
	year = {2019},
	note = {Library Catalog: www.elsevier.com},
	file = {Elsevier - 11 steps to structuring a science paper editors wi.pdf:/home/pawel/.zotero/zotero/2felkxqq.default/zotero/storage/XQD9LUB8/Elsevier - 11 steps to structuring a science paper editors wi.pdf:application/pdf;Snapshot:/home/pawel/.zotero/zotero/2felkxqq.default/zotero/storage/RPUPZMX9/11-steps-to-structuring-a-science-paper-editors-will-take-seriously.html:text/html},
}

@misc{pryor_guidelines_2012,
	title = {Guidelines on {Writing} a {Philosophy} {Paper}},
	url = {http://www.jimpryor.net/teaching/guidelines/writing.html},
	urldate = {2020-06-09},
	author = {Pryor, Jim},
	month = sep,
	year = {2012},
	file = {Guidelines on Writing a Philosophy Paper:/home/pawel/.zotero/zotero/2felkxqq.default/zotero/storage/QL7KNWZQ/writing.html:text/html},
}

@book{gastel_how_2016,
	address = {Santa Barbara, California},
	edition = {Eighth edition},
	title = {How to write and publish a scientific paper},
	isbn = {978-1-4408-4262-7 978-1-4408-4280-1},
	publisher = {Greenwood, an imprint of ABC-CLIO, LLC},
	author = {Gastel, Barbara and Day, Robert A.},
	year = {2016},
	keywords = {Technical writing},
	file = {Gastel i Day - 2016 - How to write and publish a scientific paper.pdf:/home/pawel/.zotero/zotero/2felkxqq.default/zotero/storage/WG4I2T82/Gastel i Day - 2016 - How to write and publish a scientific paper.pdf:application/pdf},
}

@article{pleshkov_book_2021,
	title = {Book reviews in the history of knowledge},
	volume = {20},
	copyright = {Copyright (c) 2021 Aleksei Pleshkov, Jan Surman},
	issn = {2543-702X},
	url = {https://ojs.ejournals.eu/SHS/article/view/7546},
	doi = {10.4467/2543702XSHS.21.018.14049},
	abstract = {Academic reviewing, one of the communal academic practices, is a vital genre, in which epistemic virtues have been cultivated. In our article, we discuss reviews as a form of institutionalized critique, which historians could use to trace the changing epistemic virtues within humanities. We propose to use them analogously to Lorraine Daston’s and Peter Galison’s treatment of atlases in their seminal work Objectivity as a marker of changing epistemic virtues in natural sciences and medicine.
Based on Aristotle’s virtue theory and its neo-Aristotelian interpretation in the second half of the 20th century, as well as on its most recent applications in the field of history and philosophy of science, we propose a general conceptual framework for analyzing reviews in their historical dimension. Besides, we contend that the analysis of reviews should be carried out taking into account their historical context of social, political, cultural and media-environment. Otherwise, one may risks presupposing the existence of an autonomous, disconnected community of scholars.},
	language = {en},
	urldate = {2021-09-26},
	journal = {Studia Historiae Scientiarum},
	author = {Pleshkov, Aleksei and Surman, Jan},
	month = sep,
	year = {2021},
	keywords = {future of humanities},
	pages = {629--650},
	file = {Full Text PDF:/home/pawel/.zotero/zotero/2felkxqq.default/zotero/storage/6JLHT6MH/Pleshkov i Surman - 2021 - Book reviews in the history of knowledge.pdf:application/pdf},
}

@book{marciszewski_2011,
	address = {Warszawa},
	title = {Umysł – Komputer – Świat. O~zagadce umysłu	z~informatycznego punktu widzenia},
	language = {pl},
	publisher = {Akademicka Oficyna Wydawnicza EXIT},
	author = {Marciszewski, Witold and Stacewicz, Paweł},
	year = {2011},
}

@article{polak_philosophy_2019,
	title = {Philosophy in science: A name with a long intellectual tradition},
	number = {66},
	url = {https://zfn.edu.pl/index.php/zfn/article/view/472},
	language = {en},
	urldate = {2021-09-26},
	journal = {Philosophical Problems in Science (Zagadnienia Filozoficzne w Nauce)},
	author = {Polak, Paweł},
	year = {2019},
	pages = {251--270}
}

@article{leciejewski_structure_2018,
	title = {Struktura cyfrowej rewolucji naukowej},
	number = {64},
	url = {https://www.zfn.edu.pl/index.php/zfn/article/view/429},
	urldate = {2021-09-26},
	journal = {Philosophical Problems in Science (Zagadnienia Filozoficzne w Nauce)},
	author = {Leciejewski, Sławomir Grzegorz},
	year = {2018},
	pages = {117--136}
}

@article{krzanowski_why_2020,
	author = {Krzanowski, Roman},
	title = {Why can information not be defined as being purely epistemic?},
	journal = {Philosophical Problems in Science (Zagadnienia Filozoficzne w Nauce)},
	number = {68},
	year = {2020},
	pages = {37--62},
	url = {https://zfn.edu.pl/index.php/zfn/article/view/494},
	urldate = {2021-09-26}
}


@article{krzanowski_minimal_2017,
	author = {Krzanowski, Roman},
	title = {Minimal Information Structural Realism},
	journal = {Philosophical Problems in Science (Zagadnienia Filozoficzne w Nauce)},
	number = {63},
	year = {2017},
	pages = {59--75},
	url = {http://www.zfn.edu.pl/index.php/zfn/article/view/396},
	urldate = {2021-09-26}
}

@article{krzanowski_towards_2016,
	author = {Krzanowski, Roman},
	title = {Towards a Formal Ontology of Information. Selected Ideas of K. Turek},
	journal = {Philosophical Problems in Science (Zagadnienia Filozoficzne w Nauce)},
	number = {61},
	year = {2016},
	pages = {23--52},
	url = {http://zfn.edu.pl/index.php/zfn/article/view/131},
	urldate = {2021-09-26}
}

@article{kycia_information_2020,
	author = {Kycia, Radosław and Niemczynowicz, Agnieszka},
	title = {Information and physics},
	journal = {Philosophical {Problems} in {Science} ({Zagadnienia} {Filozoficzne} w {Nauce})},
	number = {69},
	year = {2020},
	pages = {237--252},
	url = {https://www.zfn.edu.pl/index.php/zfn/article/view/513},
	urldate = {2021-09-26}
}

@article{kycia_information_2021,
	author = {Kycia, Radosław},
	title = {Information and brain},
	journal = {Philosophical Problems in Science (Zagadnienia Filozoficzne w Nauce)},
	number = {70},
	year = {2021},
	pages = {\pageref{kycia_anfang}--\pageref{kycia_ende}},
	url = {https://www.zfn.edu.pl/index.php/zfn/article/view/514},
	urldate = {2021-10-10}
}

@Inbook{Sokół2014,
author="Sok{\'o}{\l}, Ma{\l}gorzata",
editor="Bennett, Karen",
title="The Academic Weblog as a Semiperipheral Genre",
bookTitle="The Semiperiphery of Academic Writing: Discourses, Communities and Practices",
year="2014",
publisher="Palgrave Macmillan UK",
address="London",
pages="221--239",
abstract="The development of the Internet as a collaborative networking technology has been intensified by the expansion of Web 2.0 tools. The term Web 2.0 refers to web services and applications such as weblogs (or blogs), social networking sites, video-sharing sites, wikis and so on, that is, tools that facilitate interactive information sharing, user-centred design and more dynamic user participation and collaboration (see for example, O'Reilly 2005). The widespread adoption of Web 2.0 tools by members of academia has reinforced changes in the way science is done today. It has transformed the ways in which scientific knowledge is produced and disseminated, and has altered patterns of how scholars communicate and conduct research --- of how they are socialized into the academic community and gain professional status and recognition. As I have argued elsewhere (Sokol 2012), the intensity of these technology-driven changes may be indicative of a deeper transformation at the institutional level, where well-established scholarly norms and discursive practices are being challenged. This raises important questions pertinent to the discussion of the academic `centre' and `periphery'.",
isbn="978-1-137-35119-7",
doi="10.1057/9781137351197_13",
url="https://doi.org/10.1057/9781137351197_13"
}

@article{polak_czy_2017,
	author = {Polak, Paweł},
	title = {Czy wszystko wykonuje obliczenia? Wybrane filozoficzne implikacje pankomputacjonistycznej interpretacji koncepcji obliczeń naturalnych},
	journal = {Studia Metodologiczne},
	number = {38},
	year = {2021},
	pages = {37--54}
}

@article{sarosiek_biologiczne_2016,
	author = {Sarosiek, Anna},
	title = {Biologiczne i semiotyczne nurty w dziedzinie sztucznej inteligencji},
	journal = {Transformacje},
	number = {1/2(88/89)},
	year = {2016},
	pages = {294--306}
}

@article{stacewicz_filozofuj_2020,
	author = {Stacewicz, Paweł and Jernajczyk, Jakub},
	title = {Między informatyką i filozofią. Internetowe dyskusje w Cafe Aleph \#1 [wywiad]},
	journal = {Filozofuj!},
	year = {2020},
	url = {https://filozofuj.eu/miedzy-informatyka-i-filozofia-internetowe-dyskusje-w-cafe-aleph-1-wywiad},
	urldate = {2021-08-26}
}

