
@book{hohol_foundations_2020,
	address = {Milton Park, Abingdon, Oxon ; New York, NY},
	title = {Foundations of {Geometric} {Cognition}},
	isbn = {978-0-367-17344-9 978-0-367-17345-6},
	abstract = {"Foundations of Geometric Cognition presents an empirically inspired theory of geometric cognition. The book explains how language and diagrams provide cognitive scaffolding for abstract geometric thinking within a context of Euclidean systems of thought. Hohol argues that geometric cognition is founded on our basic spatial abilities and requires interactions between concrete spatial representations and abstract linguistic ones. Drawing on research from diverse fields including psychology, cognitive science, and mathematics, this book is a must-read for anyone interested in the burgeoning field of geometric cognition"--},
	publisher = {Routledge},
	author = {Hohol, Mateusz},
	year = {2020},
	keywords = {Cognition, Geometry, Spatial behavior},
}

@article{acerbi_euclids_2008,
	title = {Euclid's {Pseudaria}},
	volume = {62},
	issn = {0003-9519},
	url = {https://www.jstor.org/stable/41134289},
	number = {5},
	urldate = {2021-09-02},
	journal = {Archive for History of Exact Sciences},
	author = {Acerbi, Fabio},
	year = {2008},
	pages = {511--551},
}

@book{euklides_elementy_2013,
	address = {Kraków},
	title = {Elementy. {Ks}. 5-6: {Teoria} proporcji i podobieństwa},
	isbn = {978-83-7886-013-6},
	shorttitle = {Elementy},
	publisher = {Copernicus Center Press},
	author = {Euklides},
	translator = {Błaszczyk, Piotr and Mrówka, Kazimierz},
	year = {2013},
	keywords = {dzieła przed 1800, Elementy Euklidesa, filozofia, Geometria euklidesowa, Matematyka},
}

@book{descartes_geometria_2015,
	address = {Kraków},
	title = {Geometria},
	isbn = {978-83-242-2759-4},
	publisher = {TAiWPN Universitas},
	author = {Descartes, René},
	translator = {Błaszczyk, Piotr and Mrówka, Kazimierz},
	year = {2015},
	keywords = {dzieła przed 1800, Geometria, Geometria analityczna},
}

@book{hilbert_grundlagen_1899,
	address = {Leipzig},
	series = {Festschrift zur {Feier} der {Enthüllung} des {Gauss}-{Weber}-{Denkmals} in {Göttingen}},
	title = {Grundlagen der {Geometrie}},
	volume = {1},
	publisher = {B.G. Teubner},
	author = {Hilbert, David},
	year = {1899},
}

@book{hohol_wyjasnic_2013,
	address = {Kraków},
	title = {Wyjaśnić umysł: struktura teorii neurokognitywnych},
	isbn = {978-83-7886-014-3},
	shorttitle = {Wyjaśnić umysł},
	publisher = {Copernicus Center Press},
	author = {Hohol, Mateusz},
	year = {2013},
	keywords = {filozofia, Filozofia, Filozofia nauki, Filozofia umysłu, Nauka, Nauki kognitywne, Nauki o układzie nerwowym, Neuronauki, Neuropsychologia, Teoria poznania, Umysł},
}

@incollection{hohol_od_2018,
	address = {Poznań},
	series = {Seria {Matematyka} i {Informatyka} / {Uniwersytet} im. {Adama} {Mickiewicza} w {Poznaniu}},
	title = {Od przestrzeni do abstrakcyjnych pojęć: {W} stronę teorii poznania geometrycznego},
	isbn = {978-83-232-3272-8},
	number = {124},
	booktitle = {Problemy filozofii matematyki i informatyki},
	publisher = {Wydawnictwo Naukowe Uniwersytetu im. Adama Mickiewicza},
	author = {Hohol, Mateusz},
	editor = {Murawski, Roman and Woleński, Jan},
	year = {2018},
	keywords = {filozofia, Filozofia, informatyka, konferencje, Matematyka},
	pages = {129--143},
}

@book{brozek_umysl_2014,
	address = {Kraków},
	series = {Bramy {Nauki}},
	title = {Umysł matematyczny},
	isbn = {978-83-7886-047-1},
	publisher = {Copernicus Center Press},
	author = {Brożek, Bartosz and Hohol, Mateusz},
	year = {2014},
	keywords = {aspekt poznawczy, matematyka, Matematyka, Nauki przyrodnicze, Platonizm},
}

@article{hohol_cognitive_2019,
	title = {Cognitive {Artifacts} for {Geometric} {Reasoning}},
	volume = {24},
	issn = {1233-1821, 1572-8471},
	url = {http://link.springer.com/10.1007/s10699-019-09603-w},
	doi = {10.1007/s10699-019-09603-w},
	number = {4},
	urldate = {2021-09-02},
	journal = {Foundations of Science},
	author = {Hohol, Mateusz and Miłkowski, Marcin},
	year = {2019},
	pages = {657--680},
}

@book{klein_vergleichende_1872,
	address = {Erlangen},
	title = {Vergleichende {Betrachtungen} über neuere geometrische {Forsuchungen}},
	url = {http://books.google.com/books?id=CVwJ0PuwK2wC},
	urldate = {2021-09-02},
	publisher = {Verlag von Andreas Deichert},
	author = {Klein, Felix},
	year = {1872},
}

@book{lakoff_where_2000,
	address = {New York},
	title = {Where {Mathematics} {Comes} from: {How} the {Embodied} {Mind} {Brings} {Mathematics} into {Being}},
	isbn = {978-0-465-03771-1},
	shorttitle = {Where {Mathematics} {Comes} from},
	publisher = {Basic Books},
	author = {Lakoff, George and Núñez, Rafael E.},
	year = {2000},
	keywords = {aspekt psychologiczny, filozofia, Matematyka, Pojęcie liczby},
}

@book{netz_shaping_1999,
	address = {Cambridge},
	title = {The {Shaping} of {Deduction} in {Greek} {Mathematics}},
	publisher = {Cambridge University Press},
	author = {Netz, Reviel},
	year = {1999},
}

@book{noauthor_ksiega_1929,
	address = {Kraków},
	title = {Księga pamiątkowa pierwszego {Polskiego} {Zjazdu} {Matematycznego}, {Lwów}, 7-10, {IX} 1927: dodatek do "{Annales} de la {Société} {Polonaise} de {Mathématique}"},
	shorttitle = {Księga pamiątkowa pierwszego {Polskiego} {Zjazdu} {Matematycznego}},
	publisher = {Czcionkami Drukarni Uniwersytetu Jagiellońskiego pod zarządem Józefa Filipowskiego},
	year = {1929},
	note = {Meeting Name: Polski Zjazd Matematyczny},
	keywords = {20 w, konferencje, Księgi pamiątkowe, Matematyka, Polska, Polski Zjazd Matematyczny},
}

@incollection{tarski_les_1929,
	address = {Kraków},
	title = {Les fondements de la géométrie des corps},
	booktitle = {Księga pamiątkowa pierwszego {Polskiego} {Zjazdu} {Matematycznego}, {Lwów}, 7-10, {IX} 1927: dodatek do ``{Annales} de la {Société} {Polonaise} de {Mathématique}''},
	publisher = {Czcionkami Drukarni Uniwersytetu Jagiellońskiego pod zarządem Józefa Filipowskiego},
	author = {Tarski, Alfred},
	year = {1929},
	keywords = {20 w, konferencje, Księgi pamiątkowe, Matematyka, Polska, Polski Zjazd Matematyczny},
	pages = {29--33},
}

@article{tinbergen_aims_1963,
	title = {On aims and methods of {Ethology}},
	volume = {20},
	issn = {1439-0310},
	doi = {10.1111/j.1439-0310.1963.tb01161.x},
	abstract = {Zusammenfassung Ich habe in diesem Aufsatz kurz anzudeuten versucht, was meiner Ansicht nach das Wesentliche in Fragestellung und Methode der Ethologie ist und weshalb wir in Konrad Lorenz den Begründer moderner Ethologie erblicken. Hierbei habe ich vielleicht das Arbeitsgebiet der Ethologie weiter gefaßt, als unter Ethologen gebräuchlich ist. Wenn man aber die vielartige Arbeit jener Forscher übersieht, die sich Ethologen nennen, ist man zu dieser weiten Fassung geradezu gezwungen. Ich habe in meiner Darstellung weder Vollständigkeit noch Gleichgewicht angestrebt und, um zur Fortführung des Gesprächs anzuregen, ruhig meine Steckenpferde geritten, vor allem das Verhältnis zwischen Ethologie und Physiologie, die Gefahr der Vernachlässigung der Frage der Arterhaltung, Fragen der Methodik der ontogenetischen Forschung, und Aufgaben und Methoden der Evolutionsforschung. Bei der Einschätzung des Anteils, den Lorenz an der Entwicklung der Ethologie genommen hat und noch nimmt, habe ich als seinen Hauptbeitrag den bezeichnet, daß er uns gezeigt hat, wie man bewährtes “biologisches Denken” folgerichtig auf Verhalten anwenden kann. Daß er dabei an die Arbeit seiner Vorgänger angeknüpft hat, ist nicht mehr verwunderlich, als daß jeder Vater selbst einen Vater hat. Insbesondere scheint mir das Wesentliche an Lorenz‘ Arbeit zu sein, daß er klar gesehen hat, daß Verhaltensweisen Teile von “Organen”, von Systemen der Arterhaltung sind; daß ihre Verursachung genau so exakt untersucht werden kann wie die gleich welcher anderer Lebensvorgänge, daß ihr arterhaltender Wert ebenso systematisch und exakt aufweisbar ist wie ihre Verursachung, daß Verhaltensontogenie in grundsätzlich gleicher Weise erforscht werden kann wie die Ontogenie der Form und daß die Erforschung der Verhaltensevolution der Untersuchung der Strukturevolution parallel geht. Und obwohl Lorenz ein riesiges Tatsachenmaterial gesammelt hat, ist die Ethologie doch noch mehr durch seine Fragestellung und durch kühne Hypothesen gefördert als durch eigene Nachprüfung dieser Hypothesen. Ohne den Wert solcher Nachprüfung zu unterschätzen — ohne die es natürlich keine Weiterentwicklung gäbe — möchte ich doch behaupten, daß die durch Nachprüfung notwendig gewordenen Modifikationen neben der Leistung des ursprünglichen Ansatzes vergleichsweise unbedeutend sind. Nebenbei sei auch daran erinnert, daß eine der vielen heilsamen Nachwirkungen der Lorenzschen Arbeit das wachsende Interesse ist, das die Humanpsychologie der Ethologie entgegenbringt - ein erster Ansatz einer Entwicklung, deren Tragweite wir noch kaum übersehen können. Am Schluß noch eine Bemerkung zur Terminologie. Ich habe hier das Wort “Ethologie” auf einen Riesenkomplex von Wissenschaften angewandt, von denen manche, wie Psychologie und Physiologie, schon längst anerkannte Namen tragen. Das heißt natürlich nicht, daß ich den Namen Ethologie für dieses ganze Gebiet vorschlagen will; das wäre geschichtlich einfach falsch, weil das Wort historisch nur die Arbeit einer kleinen Gruppe von Zoologen kennzeichnet. Der Name ist natürlich gleichgültig; worauf es mir vor allem ankommt, ist darzutun, daß wir das Zusammenwachsen vieler Einzeldisziplinen zu einer vielumfassenden Wissenschaft erleben, für die es nur einen richtigen Namen gibt: “Verhaltensbiologie”. Selbstverständlich ist diese synthetische Entwicklung nicht die Arbeit eines Mannes oder gar die der Ethologen. Sie ist die Folge einer allgemeinen Neigung, Brücken zwischen verwandten Wissenschaften zu schlagen, einer Neigung, die sich in vielen Disziplinen entwickelt hat. Unter den Zoologen ist es Lorenz, der hierzu am meisten beigetragen und zudem manche Nachbardisziplinen stärker beeinflußt hat als irgendein anderer. Ich bin sogar davon überzeugt, daß diese Einwirkungen auf Nachbarwissenschaften noch lange anhalten werden und daß die Verhaltensbiologie erst am Anfang ihrer Ontogenie steht.},
	number = {4},
	urldate = {2021-09-02},
	journal = {Zeitschrift für Tierpsychologie},
	author = {Tinbergen, Nikolaas},
	year = {1963},
	pages = {410--433},
}
