
@article{polak_u_2011,
	title = {U źródeł krakowskiej filozofii przyrody},
	volume = {6},
	url = {https://www.researchgate.net/publication/262363588_U_zrodel_krakowskiej_filozofii_przyrody},
	journal = {Studia z Filozofii Polskiej},
	author = {Polak, Paweł},
	year = {2011},
	pages = {135--153},
	file = {PPolak-u_zrodel_krakowskiej_filozofii_przyrody.pdf:/home/pawel/.zotero/zotero/2felkxqq.default/zotero/storage/7CU33ED3/PPolak-u_zrodel_krakowskiej_filozofii_przyrody.pdf:application/pdf},
}

@incollection{polak_rola_2017,
	address = {Kraków},
	title = {Rola {Stefana} {Z}. {Pawlickiego} (1839–1916) w kształtowaniu się krakowskiego ośrodka filozofii przyrody},
	isbn = {978-83-7886-349-6},
	language = {pl},
	booktitle = {Oblicza filozofii w nauce: księga pamiątkowa z okazji 80. urodzin {Michała} {Hellera}},
	publisher = {Copernicus Center Press},
	author = {Polak, Paweł},
	editor = {Polak, Paweł and Mączka, Janusz and Grygiel, Wojciech P.},
	year = {2017},
	note = {2.3 arkusza},
	pages = {85--132},
	file = {Polak - 2017 - Rola Stefana Z. Pawlickiego (1839–1916) w kształto.pdf:/home/pawel/.zotero/zotero/2felkxqq.default/zotero/storage/WUSNQBJA/Polak - 2017 - Rola Stefana Z. Pawlickiego (1839–1916) w kształto.pdf:application/pdf},
}

@incollection{polak_miedzy_2019,
	address = {Lublin},
	title = {Między koniecznością a utopią. {Józefa} {Kremera} koncepcja filozofii przyrody w kontekście szybko rozwijającej się nauki},
	isbn = {978-83-8061-705-6},
	language = {pl},
	booktitle = {Genus vitae. {Księga} pamiątkowa dedykowana {Panu} {Profesorowi} {Marianowi} {Józefowi} {Wnukowi}},
	publisher = {Wydawnictwo KUL},
	author = {Polak, Paweł},
	editor = {Janeczek, Stanisław and Wróblewski, Zygmunt and Starościc, Anna},
	year = {2019},
	pages = {257--269},
	file = {Polak - 2019 - Między koniecznością a utopią. Józefa Kremera konc.pdf:/home/pawel/.zotero/zotero/2felkxqq.default/zotero/storage/GKIEVNQ5/Polak - 2019 - Między koniecznością a utopią. Józefa Kremera konc.pdf:application/pdf},
}

@article{polak_philosophy_2019,
	title = {Philosophy in science: {A} name with a long intellectual tradition},
	copyright = {Copyright (c) 2019 Philosophical Problems in Science (Zagadnienia Filozoficzne w Nauce)},
	issn = {2451-0602},
	shorttitle = {Philosophy in science},
	url = {https://zfn.edu.pl/index.php/zfn/article/view/472},
	language = {en},
	number = {66},
	urldate = {2019-08-26},
	journal = {Philosophical Problems in Science (Zagadnienia Filozoficzne w Nauce)},
	author = {Polak, Paweł},
	month = jul,
	year = {2019},
	keywords = {analytic philosophy, interdisciplinary research, Lvov-Warsaw School, metaphilosophy, Michael Heller, non-foundational philosophy, philosophy in science, science and religion},
	pages = {251--270},
	file = {Full Text PDF:/home/pawel/.zotero/zotero/2felkxqq.default/zotero/storage/3IREDLYF/Polak - 2019 - Philosophy in science A name with a long intellec.pdf:application/pdf;Full Text PDF:/home/pawel/.zotero/zotero/2felkxqq.default/zotero/storage/NWVDE22Y/Polak - 2019 - Philosophy in science A name with a long intellec.pdf:application/pdf;Snapshot:/home/pawel/.zotero/zotero/2felkxqq.default/zotero/storage/P6IFY9YK/472.html:text/html;Snapshot:/home/pawel/.zotero/zotero/2felkxqq.default/zotero/storage/XBBJ7SH5/472.html:text/html},
}

@article{heller_how_2019,
	title = {How is philosophy in science possible?},
	copyright = {Copyright (c) 2019 Philosophical Problems in Science (Zagadnienia Filozoficzne w Nauce)},
	issn = {2451-0602},
	url = {https://zfn.edu.pl/index.php/zfn/article/view/482},
	language = {en},
	number = {66},
	urldate = {2019-10-04},
	journal = {Philosophical Problems in Science (Zagadnienia Filozoficzne w Nauce)},
	author = {Heller, Michał},
	month = jul,
	year = {2019},
	keywords = {analytic philosophy, interdisciplinary research, metaphilosophy, philosophy in science, philosophy of science, science and religion},
	pages = {231--249},
	file = {Full Text PDF:/home/pawel/.zotero/zotero/2felkxqq.default/zotero/storage/VWQTWUF7/Heller - 2019 - How is philosophy in science possible.pdf:application/pdf;Full Text PDF:/home/pawel/.zotero/zotero/2felkxqq.default/zotero/storage/9M7EMIP3/Heller - 2019 - How is philosophy in science possible.pdf:application/pdf;Snapshot:/home/pawel/.zotero/zotero/2felkxqq.default/zotero/storage/7ABMVCJG/482.html:text/html},
}

@book{heller_elementy_2007,
	address = {Tarnów},
	series = {Seria: {Podręczniki} {OBI}},
	title = {Elementy filozofii przyrody},
	isbn = {978-83-7332-470-1},
	language = {pl},
	publisher = {Wydawnictwo Biblos},
	author = {Heller, Michał and Pabjan, Tadeusz},
	year = {2007},
	keywords = {filozofia, Filozofia przyrody, Fizyka, Kosmologia, podręczniki akademickie},
}

@article{hinz_refleksja_1962,
	title = {Refleksja o nauce i oświeceniu w twórczości {Kołłątaja}},
	volume = {7},
	language = {pl},
	number = {1-2},
	journal = {Kwartalnik Historii Nauki i Techniki},
	author = {Hinz, Henryk},
	year = {1962},
	note = {Number Of Volumes: 1-2},
	pages = {75--98},
}

@book{rederowa_z_1998,
	address = {Kraków},
	title = {Z dziejów {Towarzystwa} {Naukowego} {Krakowskiego} 1815-1872: karta z historii organizacji nauki polskiej pod zaborami},
	isbn = {978-83-86956-36-4},
	shorttitle = {Z dziejów {Towarzystwa} {Naukowego} {Krakowskiego} 1815-1872},
	language = {pl},
	publisher = {PAU},
	author = {Rederowa, Danuta},
	year = {1998},
	keywords = {19 w, historia, Historia XIX wieku, Kraków (Polska), Nauka, Polska, Polska Kraków, Towarzystwa naukowe, Towarzystwo Naukowe Krakowskie (1815-1856), życie intelektualne},
}

@book{trombik_koncepcje_2021,
	address = {Kraków},
	title = {Koncepcje filozofii przyrody w {Papieskiej} {Akademii} {Teologicznej} w {Krakowie} w latach 1978-1993: studium historyczno-filozoficzne},
	isbn = {978-83-66084-98-8},
	shorttitle = {Koncepcje filozofii przyrody w {Papieskiej} {Akademii} {Teologicznej} w {Krakowie} w latach 1978-1993},
	language = {pl},
	publisher = {Wydawnictwo ``scriptum''},
	author = {Trombik, Kamil},
	year = {2021},
	keywords = {1970-2000, Filozofia przyrody, Papieska Akademia Teologiczna (Kraków), Polska Kraków},
}

@article{wiszniewski_uwagi_1839,
	title = {Uwagi nad filozofowaniem, cz. 1.},
	volume = {5},
	language = {pl},
	number = {32},
	journal = {Przyjaciel Ludu},
	author = {Wiszniewski, Michał},
	month = nov,
	year = {1839},
	pages = {253--255},
	file = {Uwagi-Przyjaciel_ludu_1839_nr_32.djvu:/home/pawel/.zotero/zotero/2felkxqq.default/zotero/storage/HBACICQG/Uwagi-Przyjaciel_ludu_1839_nr_32.djvu:image/vnd.djvu},
}
