
@article{polak_philosophy_2019,
	title = {Philosophy in science: {A} name with a long intellectual tradition},
	copyright = {Copyright (c) 2019 Philosophical Problems in Science (Zagadnienia Filozoficzne w Nauce)},
	issn = {2451-0602},
	shorttitle = {Philosophy in science},
	url = {https://zfn.edu.pl/index.php/zfn/article/view/472},
	language = {en},
	number = {66},
	urldate = {2021-10-06},
	journal = {Philosophical Problems in Science (Zagadnienia Filozoficzne w Nauce)},
	author = {Polak, Paweł},
	month = jul,
	year = {2019},
	keywords = {analytic philosophy, interdisciplinary research, Lvov-Warsaw School, metaphilosophy, Michael Heller, non-foundational philosophy, philosophy in science, science and religion},
	pages = {251--270},
	file = {Full Text PDF:/home/pawel/.zotero/zotero/2felkxqq.default/zotero/storage/3IREDLYF/Polak - 2019 - Philosophy in science A name with a long intellec.pdf:application/pdf;Snapshot:/home/pawel/.zotero/zotero/2felkxqq.default/zotero/storage/P6IFY9YK/472.html:text/html},
}

@article{heller_how_2019,
	title = {How is philosophy in science possible?},
	copyright = {Copyright (c) 2019 Philosophical Problems in Science (Zagadnienia Filozoficzne w Nauce)},
	issn = {2451-0602},
	url = {https://zfn.edu.pl/index.php/zfn/article/view/482},
	language = {en},
	number = {66},
	urldate = {2021-10-06},
	journal = {Philosophical Problems in Science (Zagadnienia Filozoficzne w Nauce)},
	author = {Heller, Michał},
	month = jul,
	year = {2019},
	keywords = {analytic philosophy, interdisciplinary research, metaphilosophy, philosophy in science, philosophy of science, science and religion},
	pages = {231--249},
	file = {Full Text PDF:/home/pawel/.zotero/zotero/2felkxqq.default/zotero/storage/VWQTWUF7/Heller - 2019 - How is philosophy in science possible.pdf:application/pdf;Full Text PDF:/home/pawel/.zotero/zotero/2felkxqq.default/zotero/storage/9M7EMIP3/Heller - 2019 - How is philosophy in science possible.pdf:application/pdf;Snapshot:/home/pawel/.zotero/zotero/2felkxqq.default/zotero/storage/7ABMVCJG/482.html:text/html},
}

@book{trombik_koncepcje_2021,
	address = {Kraków},
	edition = {I},
	title = {Koncepcje filozofii przyrody w {Papieskiej} {Akademii} {Teologicznej} w {Krakowie} w latach 1978-1993: studium historyczno-filozoficzne},
	isbn = {978-83-66084-98-8},
	shorttitle = {Koncepcje filozofii przyrody w {Papieskiej} {Akademii} {Teologicznej} w {Krakowie} w latach 1978-1993},
	language = {pl},
	publisher = {Wydawnictwo "scriptum"},
	author = {Trombik, Kamil},
	year = {2021},
	keywords = {1970-2000, Filozofia przyrody, Papieska Akademia Teologiczna (Kraków), Polska Kraków},
}
