
@book{amis_new_1960,
	address = {London},
	title = {New {Maps} of {Hell}},
	language = {en},
	publisher = {Gollancz},
	author = {Amis, Kingsley},
	year = {1960},
	note = {OCLC: 773205421},
}

@book{atwood_oryks_2004,
	address = {Poznań},
	series = {Kameleon},
	title = {Oryks i {Derkacz}},
	isbn = {978-83-7298-500-2},
	language = {pl},
	publisher = {Zysk i S-ka Wydaw},
	author = {Atwood, Margaret},
	translator = {Hesko-Kołodzińska, Małgorzata},
	year = {2004},
	keywords = {1970-, Powieść kanadyjska w języku angielskim, tłumaczenia polskie},
}

@book{ballard_zatopiony_1998,
	address = {Pruszków},
	title = {Zatopiony świat},
	isbn = {978-83-86379-26-2},
	language = {pl},
	publisher = {Rachocki i S-ka},
	author = {Ballard, J. G.},
	translator = {Świerkocki, Maciej},
	year = {1998},
	keywords = {20 w, Powieść angielska, tłumaczenia polskie},
}

@article{barcz_przyroda_2012,
	title = {Przyroda - bliska czy daleka? {Ekokrytyka} i nowe sposoby poetyki odpowiedzialności za przyrodę w literaturze},
	url = {https://www.anthropos.us.edu.pl/anthropos10/texty/barcz.htm},
	number = {18-19},
	urldate = {2021-08-31},
	journal = {Anthropos?},
	author = {Barcz, Anna},
	year = {2012},
	pages = {59--79},
	file = {Teksty:/home/pawel/.zotero/zotero/2felkxqq.default/zotero/storage/TP9MPEHK/barcz.html:text/html},
}

@article{bastian_fatally_2012,
	title = {Fatally {Confused}: {Telling} the {Time} in the {Midst} of {Ecological} {Crises}},
	volume = {9},
	issn = {1718-0198},
	shorttitle = {Fatally {Confused}},
	doi = {10.5840/envirophil2012913},
	number = {1},
	journal = {Environmental Philosophy},
	author = {Bastian, Michelle},
	year = {2012},
	pages = {23--48},
}

@book{baudrillard_symulakry_2005,
	address = {Warszawa},
	title = {Symulakry i symulacja},
	isbn = {978-83-88807-79-4},
	language = {pl},
	publisher = {Wydawnictwo Sic!},
	author = {Baudrillard, Jean},
	translator = {Królak, Sławomir},
	year = {2005},
	keywords = {20 w, Cywilizacja, Symulacja},
}

@book{bonta_flight_1996,
	address = {San Diego, CA},
	title = {Flight: {A} {Quantum} {Fiction} {Novel}},
	isbn = {978-0-912339-10-8 978-0-912339-17-7},
	shorttitle = {Flight},
	language = {en},
	publisher = {Meridian House},
	author = {Bonta, Vanna},
	year = {1996},
}

@book{boyd_origin_2010,
	address = {Cambridge, Mass.},
	title = {On the {Origin} of {Stories}: {Evolution}, {Cognition}, and {Fiction}},
	isbn = {978-0-674-05711-1},
	shorttitle = {On the {Origin} of {Stories}},
	language = {en},
	publisher = {Belknap Press of Harvard University Press},
	author = {Boyd, Brian},
	year = {2010},
}

@book{brockman_trzecia_1996,
	address = {Warszawa},
	series = {Nauka u {Progu} {Trzeciego} {Tysiąclecia}},
	title = {Trzecia kultura},
	isbn = {978-83-85458-58-6},
	language = {pl},
	number = {6},
	publisher = {CIS},
	editor = {Brockman, John},
	year = {1996},
	keywords = {Darwinizm, Ewolucjonizm, Kosmologia, Myślenie, pochodzenie, Świadomość, Życie (biologia)},
}

@book{clute_encyclopedia_1993,
	address = {London},
	title = {The {Encyclopedia} of {Science} {Fiction}},
	isbn = {978-1-85723-124-3 978-1-85723-897-6},
	language = {en},
	publisher = {Orbit},
	editor = {Clute, John and Nicholls, Peter},
	year = {1993},
}

@article{clarke_reading_2013,
	title = {Reading {Climate} {Change} in {J}.{G}. {Ballard}},
	volume = {25},
	issn = {0011-1570},
	url = {https://www.jstor.org/stable/42751031},
	doi = {10.3167/cs.2013.250202},
	abstract = {J.G. Ballard's early novels The Drowned World (1962) and The Crystal World (1966) take a climatological approach to apocalyptic dystopia.This has led survey studies of climate fiction to identify these novels as founding texts of the genre. Yet Ballard wrote in an era before global warming had been identified by climate scientists, and his fiction is as much psychological and ontological as it is physiological. Ballard both adheres to and deviates from the global warming narrative now accepted by contemporary climatology, working within and beyond the SF subgenre of post-apocalyptic fiction. This paper assesses the extent to which these dystopian narratives can be understood as climate fiction and explores the debt that more recent cli-fi may owe to Ballard.},
	language = {en},
	number = {2},
	urldate = {2021-08-31},
	journal = {Critical Survey},
	author = {Clarke, Jim},
	year = {2013},
	note = {Publisher: Berghahn Books},
	pages = {7--21},
	file = {Clarke - 2013 - Reading Climate Change in J.G. Ballard.pdf:/home/pawel/.zotero/zotero/2felkxqq.default/zotero/storage/WSSPCJ95/Clarke - 2013 - Reading Climate Change in J.G. Ballard.pdf:application/pdf},
}

@article{crutzen_geology_2002,
	title = {Geology of mankind},
	volume = {415},
	issn = {0028-0836, 1476-4687},
	url = {http://www.nature.com/articles/415023a},
	doi = {10.1038/415023a},
	language = {en},
	number = {6867},
	urldate = {2021-08-31},
	journal = {Nature},
	author = {Crutzen, Paul J.},
	month = jan,
	year = {2002},
	pages = {23--23},
	file = {Pełny tekst:/home/pawel/.zotero/zotero/2felkxqq.default/zotero/storage/LFSTSNQU/Crutzen - 2002 - Geology of mankind.pdf:application/pdf},
}

@article{dini_resurrected_2021,
	title = {“{Resurrected} from its {Own} {Sewers}”: {Waste}, {Landscape}, and the {Environment} in {J}.{G}. {Ballard}'s 1960s {Climate} {Fiction}},
	volume = {28},
	issn = {1076-0962, 1759-1090},
	shorttitle = {“{Resurrected} from its {Own} {Sewers}”},
	url = {https://doi.org/10.1093/isle/isz003},
	doi = {10.1093/isle/isz003},
	language = {en},
	number = {1},
	urldate = {2021-08-31},
	journal = {ISLE: Interdisciplinary Studies in Literature and Environment},
	author = {Dini, Rachele},
	month = apr,
	year = {2021},
	pages = {207--229},
	file = {Przesłana wersja:/home/pawel/.zotero/zotero/2felkxqq.default/zotero/storage/55WJD876/Dini - 2021 - “Resurrected from its Own Sewers” Waste, Landscap.pdf:application/pdf},
}

@book{freud_poza_1994,
	address = {Warszawa},
	edition = {Wyd. 3},
	title = {Poza zasadą przyjemności},
	isbn = {978-83-01-11440-4},
	language = {pl},
	publisher = {Wydawnictwo Naukowe PWN},
	author = {Freud, Sigmund},
	translator = {Prokopiuk, Jerzy},
	year = {1994},
	keywords = {Psychoanaliza, Seksualność (psychologia)},
}

@article{gifford_largely_2016,
	title = {The largely unacknowledged impact of climate change on mental health},
	volume = {72},
	issn = {0096-3402, 1938-3282},
	url = {http://dx.doi.org/10.1080/00963402.2016.1216505},
	doi = {10.1080/00963402.2016.1216505},
	language = {en},
	number = {5},
	urldate = {2021-08-31},
	journal = {Bulletin of the Atomic Scientists},
	author = {Gifford, Eva and Gifford, Robert},
	month = sep,
	year = {2016},
	pages = {292--297},
}

@book{gunn_droga_1985,
	address = {Warszawa},
	title = {Droga do science fiction. 1: {Od} {Gilgamesza} do {Wellsa}},
	isbn = {978-83-7001-066-9 978-83-7001-067-6},
	shorttitle = {Droga do science fiction. 1},
	language = {pl},
	publisher = {Alfa},
	editor = {Gunn, James E.},
	year = {1985},
	keywords = {antologie, Beletrystyka [Typ publikacji], Fantastyka naukowa, Utopie},
}

@article{hamilton_climate_2016,
	chapter = {World},
	title = {Climate change is wreaking havoc on our mental health, experts say},
	issn = {0319-0781},
	url = {https://www.thestar.com/news/world/2016/02/28/climate-change-is-wreaking-havoc-on-our-mental-health-experts.html},
	abstract = {Climate change is causing chaos in the environment and beyond; experts are warning we’re “not even close to being prepared” for the damage it does to our mental health.},
	language = {en},
	urldate = {2021-08-31},
	journal = {The Toronto Star},
	author = {Hamilton, Tyler},
	month = feb,
	year = {2016},
	keywords = {Anxiety, Climate change, Climate Change, depressions, Environment, Health, post-traumatic stress, pre-traumatic stress, psychology, weather},
	file = {Snapshot:/home/pawel/.zotero/zotero/2felkxqq.default/zotero/storage/NA9B825F/climate-change-is-wreaking-havoc-on-our-mental-health-experts.html:text/html},
}

@book{handke_spor_1989,
	address = {Poznań},
	title = {Spór o {SF}: antologia szkiców i esejów o science fiction},
	isbn = {978-83-210-0815-8},
	shorttitle = {Spór o {SF}},
	language = {pl},
	publisher = {Wydawnictwo Poznańskie},
	editor = {Handke, Ryszard and Jęczmyk, Lech and Okólska, Barbara},
	year = {1989},
	keywords = {Fantastyka naukowa, historia, historia i krytyka, historia i krytyka teoria, Literatura, Literatura fantastyczna, Literatura i nauka},
}

@book{huebener_natures_2020,
	address = {Regina, Saskatchewan},
	title = {Nature's {Broken} {Clocks}: {Reimagining} {Time} in the {Face} of the {Environmental} {Crisis}},
	isbn = {978-0-88977-712-5 978-0-88977-714-9 978-0-88977-716-3 978-0-88977-718-7},
	shorttitle = {Nature's {Broken} {Clocks}},
	language = {en},
	publisher = {University of Regina Press},
	author = {Huebener, Paul},
	year = {2020},
	keywords = {aspekt społeczny, Czas, Ekokrytyka, Ekologia człowieka, w literaturze, Zanieczyszczenie},
}

@book{lem_glos_2002,
	address = {Kraków},
	series = {Dzieła zebrane {Stanisława} {Lema}},
	title = {Głos {Pana}},
	isbn = {978-83-08-02932-9 978-83-08-03318-0},
	language = {pl},
	publisher = {Wydawnictwo Literackie},
	author = {Lem, Stanisław},
	editor = {Jarzębski, Jerzy},
	year = {2002},
	keywords = {1945-1970, Fantastyka naukowa polska},
}

@article{merril_what_1966,
	title = {What {Do} {You} {Mean}: {Science}? {Fiction}? ({Part} {I})},
	volume = {7},
	url = {https://archive.org/details/Extrapolation_v07n02_1966-05/},
	language = {en},
	number = {2},
	urldate = {2021-08-31},
	journal = {Extrapolation},
	author = {Merril, Judith},
	month = may,
	year = {1966},
	pages = {30--46},
	file = {SF Definitions\: The Wormhole\: Exploring Science Fiction\: Branching Realities:/home/pawel/.zotero/zotero/2felkxqq.default/zotero/storage/35ZNTBPJ/SF_Definitions.html:text/html},
}

@book{piechota_miedzy_2015,
	address = {Lublin},
	title = {Między utopią a melancholią: w kręgu nowoczesnej i ponowoczesnej literatury fantastycznej},
	isbn = {978-83-7222-567-2},
	shorttitle = {Między utopią a melancholią},
	language = {pl},
	publisher = {Norbertinum},
	author = {Piechota, Dariusz},
	year = {2015},
	keywords = {historia i krytyka, Literatura fantastyczna, Melancholia, tematy, motywy, Utopie, w literaturze, Wampiry},
}

@book{snow_dwie_1999,
	address = {Warszawa},
	series = {Klasycy {Nauki}},
	title = {Dwie kultury},
	isbn = {978-83-7180-765-7},
	language = {pl},
	publisher = {Prószyński i S-ka},
	author = {Snow, Charles Percy},
	translator = {Baszniak, Tadeusz},
	year = {1999},
	keywords = {aspekt społeczny, filozofia, Kultura, Nauka},
}

@misc{noauthor_solarpunk_2021,
	type = {Tumblr},
	title = {Solarpunk (definicja)},
	shorttitle = {Solarpunk},
	url = {https://solarpunkactionweek.tumblr.com/faq},
	language = {en},
	urldate = {2021-08-31},
	journal = {SolarPunk Action Week},
	year = {2021},
	file = {Tumblr Snapshot:/home/pawel/.zotero/zotero/2felkxqq.default/zotero/storage/IDSKSR48/faq.html:text/html},
}

@article{savi_anthropocene_2017,
	title = {The {Anthropocene} (and) (in) the {Humanities}: {Possibilities} for {Literary} {Studies}},
	volume = {25},
	issn = {0104-026X, 1806-9584},
	shorttitle = {The {Anthropocene} (and) (in) the {Humanities}},
	url = {http://www.scielo.br/j/ref/a/gDdv96Xwshjw6nd78PLfWxh/abstract/?lang=en},
	doi = {10.1590/1806-9584.2017v25n2p945},
	abstract = {Abstract: This paper aims to briefly discuss the concept of the Anthropocene within the geological sciences, and to consider, more broadly, some of the theoretical unfolding of the term within the humanities. Towards its conclusion, the paper presents the demands the Anthropocene makes, as a geological Epoch (in which the human becomes a geophysical force, capable of changing the Earth’s biophysical systems), of literary studies as a possible field for theoretical articulations that may add to the debates on this historical moment in which climate change, forced dislocations, the mass extinction of several species, and other urgent matters come to the fore.},
	language = {en},
	urldate = {2021-08-31},
	journal = {Revista Estudos Feministas},
	author = {Savi, Melina Pereira},
	year = {2017},
	note = {Publisher: Centro de Filosofia e Ciências Humanas e Centro de Comunicação e Expressão da Universidade Federal de Santa Catarina},
	keywords = {Anthropocene, Climate Change, Humanities, Literary Studies},
	pages = {945--959},
	file = {Full Text PDF:/home/pawel/.zotero/zotero/2felkxqq.default/zotero/storage/C6MENJCW/Savi - 2017 - The Anthropocene (and) (in) the Humanities Possib.pdf:application/pdf;Snapshot:/home/pawel/.zotero/zotero/2felkxqq.default/zotero/storage/6E98VNA8/abstract.html:text/html},
}

@incollection{mcgrath_nature_2016,
	address = {Toronto},
	title = {Nature {Reclaims} {Her} {Own}: {J}. {G}. {Ballard}'s {The} {Drowned} {World}},
	isbn = {978-0-9940982-1-4},
	language = {en},
	booktitle = {Deep {Ends}: {The} {J}.{G}. {Ballard} {Anthology} 2016},
	publisher = {The Terminal Press},
	author = {Tait, Adrian},
	editor = {McGrath, Rick},
	month = sep,
	year = {2016},
}

@misc{taylor_visit_2016,
	title = {A {Visit} to the {Climate} {Anxiety} {Doctor}},
	url = {http://thetyee.ca/Culture/2016/08/04/Climate-Anxiety-Doctor/},
	abstract = {Grieving for coral reefs, a Providence poet decides to counsel others about their warming woes.},
	language = {en},
	urldate = {2021-08-31},
	journal = {The Tyee},
	author = {Taylor, Stephanne},
	month = aug,
	year = {2016},
	note = {Publisher: The Tyee},
	file = {Snapshot:/home/pawel/.zotero/zotero/2felkxqq.default/zotero/storage/9ERJR2VK/Climate-Anxiety-Doctor.html:text/html},
}

@book{trexler_anthropocene_2015,
	address = {Charlottesville},
	title = {Anthropocene {Fictions}: {The} {Novel} in a {Time} of {Climate} {Change}},
	isbn = {978-0-8139-3692-5 978-0-8139-3691-8 978-0-8139-3693-2},
	shorttitle = {Anthropocene {Fictions}},
	abstract = {Pesents the first systematic examination of the hundreds of novels that have been written about anthropogenic climate change. Drawing on climatology, the sociology and philosophy of science, geography, and environmental economics, Adam Trexler argues that the novel has become an essential tool to construct meaning in an age of climate change.},
	language = {en},
	publisher = {University of virginia Press},
	author = {Trexler, Adam},
	year = {2015},
}

@book{willis_niebieski_2010,
	address = {Stawiguda},
	series = {Seria the {Best} of},
	title = {Niebieski księżyc},
	isbn = {978-83-7590-041-5},
	language = {pl},
	publisher = {Agencja "Solaris" Małgorzata Piasecka},
	author = {Willis, Connie},
	year = {2010},
	keywords = {1970-, Powieść fantastyczna amerykańska, tłumaczenia polskie},
}

@book{oramus_o_2010,
	address = {Warszawa},
	title = {O pomieszaniu gatunków: science fiction a postmodernizm},
	isbn = {978-83-7436-240-5},
	shorttitle = {O pomieszaniu gatunków},
	publisher = {Wydawnictwo Trio},
	author = {Oramus, Dominika},
	year = {2010},
	keywords = {1990-, Fantastyka naukowa, historia i krytyka, Postmodernizm (literatura)},
}

@book{oramus_darwinowskie_2015,
	address = {Kraków},
	title = {Darwinowskie paradygmaty: mit teorii ewolucji w kulturze współczesnej},
	isbn = {978-83-7886-136-2},
	shorttitle = {Darwinowskie paradygmaty},
	publisher = {Copernicus Center Press},
	author = {Oramus, Dominika},
	year = {2015},
	keywords = {18 w, 1801-1900, 19 w, 1901-2000, a literatura, Darwin, Charles, Darwinizm, Literatura, Literaturoznawstwo, Nauki przyrodnicze, Tematy i motywy, w wyobrażeniach społecznych, wpływ},
}

@book{oramus_stany_2020,
	address = {Kraków},
	edition = {1},
	title = {Stany splątane: fizyka a literatura współczesna},
	isbn = {978-83-7886-489-9},
	shorttitle = {Stany splątane},
	publisher = {Copernicus Center Press},
	author = {Oramus, Dominika},
	year = {2020},
	keywords = {Fizyka, Literatura, Literatura i nauka, Splątanie kwantowe, tematy, motywy, w literaturze},
}

@article{weiner_postnaturalizm_2018,
	title = {Postnaturalizm w narracjach dwóch kultur, czyli dlaczego kryzys cywilizacji jest nieuchronny},
	copyright = {Copyright (c) 2018 Zagadnienia Filozoficzne w Nauce},
	issn = {2451-0602},
	url = {https://zfn.edu.pl/index.php/zfn/article/view/446},
	language = {pl},
	number = {65},
	urldate = {2021-09-02},
	journal = {Philosophical Problems in Science (Zagadnienia Filozoficzne w Nauce)},
	author = {Weiner, January},
	month = dec,
	year = {2018},
	note = {Number: 65},
	keywords = {anthropocene},
	pages = {197--212},
	file = {Full Text PDF:/home/pawel/.zotero/zotero/2felkxqq.default/zotero/storage/NQKMZGIN/Weiner - 2018 - Postnaturalizm w narracjach dwóch kultur, czyli dl.pdf:application/pdf},
}
