
@book{heller_nowa_1992,
	address = {Tarnów},
	title = {Nowa fizyka i nowa teologia},
	isbn = {83-85380-05-1},
	language = {pl},
	publisher = {Biblos},
	author = {Heller, Michał},
	year = {1992},
	keywords = {aspekt religijny chrześcijaństwo, Chrześcijaństwo i nauka, filozofia, Fizyka},
	file = {Michał Heller - Nowa fizyka i nowa teologia.pdf:/home/pawel/.zotero/zotero/2felkxqq.default/zotero/storage/R7HH4XRF/Michał Heller - Nowa fizyka i nowa teologia.pdf:application/pdf},
}

@incollection{zycinski_w_1984,
	address = {Kraków},
	title = {W poszukiwaniu teologii nauki},
	language = {pl},
	booktitle = {Nauka - religia - dzieje: {II} {Seminarium} {Interdyscyplinarne} w {Castel} {Gandolfo}, 6-9 września 1982 roku},
	publisher = {Wydział Filozoficzny Towarzystwa Jezusowego},
	author = {Życiński, Józef},
	editor = {Janik, Jerzy Antoni and Lenartowicz, Piotr},
	year = {1984},
	keywords = {filozofia, Filozofia chrześcijańska, Nauka, Symbolika},
	pages = {80--85},
}

@incollection{polak_teologia_2015,
	address = {Kraków},
	title = {Teologia nauki w perspektywie metodologicznej},
	isbn = {978-83-7886-162-1},
	language = {pl},
	booktitle = {Teologia nauki},
	publisher = {Copernicus Center Press},
	author = {Polak, Paweł},
	editor = {Mączka, Janusz and Urbańczyk, Piotr},
	year = {2015},
	pages = {23--54},
}

@book{graczyk_francuska_1992,
	address = {Warszawa},
	title = {Francuska teologia rzeczywistości ziemskich: próba retrospekcji i reinterpretacji},
	shorttitle = {Francuska teologia rzeczywistości ziemskich},
	language = {pl},
	publisher = {Pallottinum},
	author = {Graczyk, Marian},
	year = {1992},
	keywords = {20 w, Dechrystianizacja, Francja, Religia i państwo, Teologia},
}

@article{heller_stworzenie_1982,
	title = {Stworzenie a ewolucja},
	volume = {2},
	language = {pl},
	number = {4(10)},
	journal = {Communio},
	author = {Heller, Michał},
	year = {1982},
	pages = {58--66},
}

@book{haught_god_2008,
	address = {Louisville, Ky},
	edition = {1st},
	title = {God and the {New} {Atheism}: {A} {Critical} {Response} to {Dawkins}, {Harris}, and {Hitchens}},
	isbn = {978-0-664-23304-4},
	shorttitle = {God and the {New} {Atheism}},
	language = {en},
	publisher = {Westminster John Knox Press},
	author = {Haught, John F.},
	year = {2008},
	keywords = {Apologetics, Atheism, Dawkins, Richard, End of faith, God delusion, God is not great, Harris, Sam, Hitchens, Christopher},
}

@book{kaiser_creational_1997,
	address = {Leiden; New York; Köln},
	title = {Creational {Theology} and the {History} of {Physical} {Science}: {The} {Creationist} {Tradition} from {Basil} to {Bohr}},
	isbn = {978-90-04-10669-7},
	shorttitle = {Creational {Theology} and the {History} of {Physical} {Science}},
	language = {en},
	publisher = {E.J. Brill},
	author = {Kaiser, Christopher B},
	year = {1997},
}

@book{kaiser_toward_2007,
	series = {Ashgate science and religion series},
	title = {Toward a {Theology} of {Scientific} {Endeavour}: {The} {Descent} of {Science}},
	isbn = {978-0-7546-4159-9 978-0-7546-4160-5 978-0-7546-8764-1 978-1-315-23594-3 978-1-351-87856-2 978-1-351-87857-9 978-1-4094-7766-2},
	shorttitle = {Toward a {Theology} of {Scientific} {Endeavour}},
	language = {en},
	publisher = {Ashgate Publishing Group},
	author = {Kaiser, Christopher B},
	year = {2007},
}

@incollection{kragh_social_1998,
	address = {Dordrecht},
	title = {Social {Constructivism}, the {Gospel} of {Science}, and the {Teaching} of {Physics}},
	isbn = {978-94-011-5032-3},
	url = {https://doi.org/10.1007/978-94-011-5032-3_8},
	abstract = {During the last two decades, science studies have increasingly been dominated by ideas related to social constructivism and the sociology of scientific knowledge. This paper offers a critical examination of some of the basic claims of this branch of science studies and argues that social constructivists cannot explain some of the most characteristic features of the physical sciences. The implications of social constructivism for science education are considered. I conclude that if education in physics consistently followed the philosophy of sociology of scientific knowledge in its more extreme versions it would mean the end of physics. However, the rejection of social constructivism does not imply a rejection of social or cultural studies of science or their value in science education.},
	language = {en},
	urldate = {2021-08-26},
	booktitle = {Constructivism in {Science} {Education}: {A} {Philosophical} {Examination}},
	publisher = {Springer Netherlands},
	author = {Kragh, Helge},
	editor = {Matthews, Michael R.},
	year = {1998},
	doi = {10.1007/978-94-011-5032-3_8},
	keywords = {Physics Teacher, Science Education, Scientific Knowledge, Social Constructivism, Social Study},
	pages = {125--137},
	file = {Springer Full Text PDF:/home/pawel/.zotero/zotero/2felkxqq.default/zotero/storage/VR5J4G2P/Kragh - 1998 - Social Constructivism, the Gospel of Science, and .pdf:application/pdf},
}

@book{thils_theologie_1946,
	address = {Paris ; Bruges},
	title = {Théologie des réalités terrestres. 1: {Préludes}},
	shorttitle = {Théologie des réalités terrestres. 1},
	publisher = {Desclée, De Brouwer},
	author = {Thils, Gustave},
	year = {1946},
}

@book{thils_theologie_1949,
	address = {Paris},
	title = {Théologie des réalités terrestres. 2: {Théologie} de l'histoire},
	shorttitle = {Théologie des réalités terrestres. 2},
	publisher = {Desclée, de Brouwer},
	author = {Thils, Gustave},
	year = {1949},
	keywords = {aspekt religijny chrześcijaństwo, Historia, Teologia},
}

@incollection{heller_program_1996,
	address = {Geneva, Switzerland},
	series = {Studies in science and theology},
	title = {A program for theology of science},
	isbn = {978-2-8309-0859-6 978-2-8309-0895-4},
	language = {en},
	number = {v. 3-4},
	booktitle = {The {Concept} of {Nature} in {Science} and {Theology} ; 2},
	publisher = {Labor et Fides},
	author = {Heller, Michał},
	editor = {Gregersen, Niels Henrik},
	year = {1996},
	pages = {41--44},
	file = {Description\: A program for theology of science:/home/pawel/.zotero/zotero/2felkxqq.default/zotero/storage/BDG86NTJ/1534591915.html:text/html},
}

@incollection{heller_program_2003,
	address = {Philadelphia ; London},
	title = {A program for theology of science},
	isbn = {978-1-932031-34-8},
	language = {en},
	booktitle = {Creative tension: essays on science and religion},
	publisher = {Templeton Foundation Press},
	author = {Heller, Michał},
	year = {2003},
	pages = {54--58},
}

@book{heller_nauka_2019,
	address = {Kraków},
	edition = {Wydanie I},
	title = {Nauka i teologia - niekoniecznie tylko na jednej planecie},
	isbn = {978-83-7886-467-7},
	language = {pl},
	publisher = {Copernicus Center Press},
	author = {Heller, Michał},
	year = {2019},
	keywords = {aspekt religijny chrześcijaństwo, Chrześcijaństwo i nauka, Fizyka, Teologia},
}
